<record><leader>00000cas a22000007a 4500</leader><controlfield tag="001">9753922</controlfield><controlfield tag="008">830729d18561858ohuwr ne      0    0eng d</controlfield><controlfield tag="009">3783</controlfield><datafield ind1=" " ind2=" " tag="010"><subfield code="a">sn 83035381 </subfield></datafield><datafield ind1=" " ind2=" " tag="040"><subfield code="a">NPY</subfield><subfield code="b">eng</subfield><subfield code="c">NPY</subfield><subfield code="d">ONP</subfield></datafield><datafield ind1="1" ind2=" " tag="029"><subfield code="a">AU@</subfield><subfield code="b">000025841000</subfield></datafield><datafield ind1=" " ind2=" " tag="042"><subfield code="a">msc</subfield></datafield><datafield ind1="0" ind2=" " tag="130"><subfield code="a">Citizen Democrat (Carrollton, Ohio)</subfield></datafield><datafield ind1="0" ind2="0" tag="245"><subfield code="a">Citizen Democrat.</subfield></datafield><datafield ind1=" " ind2=" " tag="260"><subfield code="a">Carrollton, Ohio :</subfield><subfield code="b">Matthias Atkinson,</subfield><subfield code="c">1856-</subfield></datafield><datafield ind1=" " ind2=" " tag="300"><subfield code="a">v. ;</subfield><subfield code="c">62 cm.</subfield></datafield><datafield ind1=" " ind2=" " tag="310"><subfield code="a">Weekly</subfield></datafield><datafield ind1="0" ind2=" " tag="362"><subfield code="a">Vol. 1, no. 1 (Jan. 3, 1856)-</subfield></datafield><datafield ind1="1" ind2=" " tag="362"><subfield code="a">Ceased in 1858.</subfield><subfield code="z">Cf. Gutgesell, S.  Guide to Ohio newspapers, 1974.</subfield></datafield><datafield ind1=" " ind2=" " tag="500"><subfield code="a">"The Union : its foundation, the Constitution."</subfield></datafield><datafield ind1=" " ind2=" " tag="500"><subfield code="a">"Democratic." Cf. Gutgesell, S.  Guide to Ohio newspapers, 1974.</subfield></datafield><datafield ind1=" " ind2=" " tag="500"><subfield code="a">"(Partly) official paper of the county," 1858.</subfield></datafield><datafield ind1=" " ind2=" " tag="500"><subfield code="a">Publisher: Atkinson, 1856-&lt;1857&gt;; Geo. W. Barlow, &lt;1858&gt;.</subfield></datafield><datafield ind1=" " ind2=" " tag="752"><subfield code="a">United States</subfield><subfield code="b">Ohio</subfield><subfield code="c">Carroll</subfield><subfield code="d">Carrollton.</subfield></datafield><datafield ind1="0" ind2="0" tag="780"><subfield code="t">Democratic companion (Carrollton, Ohio)</subfield><subfield code="w">(DLC)sn 88078278</subfield></datafield><datafield ind1="0" ind2="0" tag="785"><subfield code="t">Carroll Democrat (Carrollton, Ohio : 1859)</subfield><subfield code="w">(DLC)sn 83035382</subfield></datafield></record>